<?xml version="1.0" encoding="UTF-8"?><collection xmlns="http://www.loc.gov/MARC21/slim"><record><leader>00453nam--2200145-i-4500</leader><controlfield tag="001">000003020</controlfield><controlfield tag="002">20161230</controlfield><controlfield tag="005">20161230201025</controlfield><controlfield tag="008">060222s1000------------r-----000-0-eng-d</controlfield><datafield ind1=" " ind2=" " tag="080"><subfield code="a">621.039.8</subfield></datafield><datafield ind1=" " ind2=" " tag="100"><subfield code="a">Daudel, Pascaline</subfield></datafield><datafield ind1=" " ind2=" " tag="245"><subfield code="a">La radioactivite au service de la chimie et de l idustrie.preface par irene joliot curie</subfield></datafield><datafield ind1=" " ind2=" " tag="260"><subfield code="a">Paris, Presses Universitaires, 1955 Viii + 217 P. Cu Fig + 2 F Pl</subfield></datafield><datafield ind1=" " ind2=" " tag="490"><subfield code="a">La Science Vivante</subfield></datafield><datafield ind1=" " ind2=" " tag="852"><subfield code="a">11946</subfield></datafield></record></collection>